<?xml version="1.0" encoding="UTF-8"?><collection xmlns="http://www.loc.gov/MARC21/slim"><record><leader>00434nam--2200133-i-4500</leader><controlfield tag="001">000042284</controlfield><controlfield tag="002">20161230</controlfield><controlfield tag="005">20161230201043</controlfield><controlfield tag="008">060222s1000------------r-----000-0-eng-d</controlfield><datafield ind1=" " ind2=" " tag="080"><subfield code="a">66.094.3(043):546.3(043)</subfield></datafield><datafield ind1=" " ind2=" " tag="100"><subfield code="a">Sorieul,Didier</subfield></datafield><datafield ind1=" " ind2=" " tag="245"><subfield code="a">Etude comparative du comportament des differents carbures des metaux de la colonne 4 a en ....these</subfield></datafield><datafield ind1=" " ind2=" " tag="260"><subfield code="a">Grenoble, Faculte Des Sc.De L`Univ.De Grenoble, 1972. 48 P</subfield></datafield><datafield ind1=" " ind2=" " tag="852"><subfield code="a">40478</subfield></datafield></record></collection>